
@ARTICLE{Abadi2006-bf,
  title  = "Integrating Compression and Execution in {Column-Oriented} Database
            Systems",
  author = "Abadi, Daniel J and Madden, Samuel R and Ferreira, Miguel C",
  month  =  jun,
  year   =  2006
}

@ARTICLE{Westmann2000-mz,
  title     = "The implementation and performance of compressed databases",
  author    = "Westmann, Till and Kossmann, Donald and Helmer, Sven and
               Moerkotte, Guido",
  journal   = "ACM SIGMOD Record",
  publisher = "ACM",
  volume    =  29,
  number    =  3,
  pages     = "55--67",
  month     =  "1~" # sep,
  year      =  2000
}

@INPROCEEDINGS{Graefe_undated-uo,
  title      = "Data compression and database performance",
  booktitle  = "[Proceedings] 1991 Symposium on Applied Computing",
  author     = "Graefe, G and Shapiro, L D",
  publisher  = "IEEE Comput. Soc. Press",
  pages      = "22--27",
  conference = "1991 Symposium on Applied Computing"
}

@ARTICLE{Bloom1970-nr,
  title     = "{Space/Time} Trade-offs in Hash Coding with Allowable Errors",
  author    = "Bloom, Burton H",
  journal   = "Commun. ACM",
  publisher = "ACM",
  volume    =  13,
  number    =  7,
  pages     = "422--426",
  month     =  jul,
  year      =  1970,
  address   = "New York, NY, USA",
  keywords  = "hash addressing, hash coding, retrieval efficiency, retrieval
               trade-offs, scatter storage, searching, storage efficiency,
               storage layout"
}

@INPROCEEDINGS{Blanas2010-iz,
  title     = "A Comparison of Join Algorithms for Log Processing in
               {MaPreduce}",
  booktitle = "Proceedings of the 2010 {ACM} {SIGMOD} International Conference
               on Management of Data",
  author    = "Blanas, Spyros and Patel, Jignesh M and Ercegovac, Vuk and Rao,
               Jun and Shekita, Eugene J and Tian, Yuanyuan",
  publisher = "ACM",
  pages     = "975--986",
  series    = "SIGMOD '10",
  year      =  2010,
  address   = "New York, NY, USA",
  keywords  = "analytics, hadoop, join processing, mapreduce"
}

@ARTICLE{Oracle2015-fs,
  title   = "Oracle Database {In-Memory}",
  author  = "{Oracle}",
  journal = "Oracle White Paper",
  month   =  07,
  year    =  2015
}

@ARTICLE{Michael_undated-if,
  title  = "Improving distributed join e fficiency with extended bloom filter
            operations",
  author = "Michael, Loizos and Nejdl, Wolfgang and Papapetrou, Odysseas and
            Siberski, Wolf"
}

@ARTICLE{Holloway2008-rr,
  title     = "Read-optimized databases, in depth",
  author    = "Holloway, Allison L and DeWitt, David J",
  journal   = "Proceedings VLDB Endowment",
  publisher = "VLDB Endowment",
  volume    =  1,
  number    =  1,
  pages     = "502--513",
  month     =  "1~" # aug,
  year      =  2008
}

@INPROCEEDINGS{Abadi2008-dd,
  title     = "Column-stores vs. row-stores: how different are they really?",
  booktitle = "Proceedings of the 2008 {ACM} {SIGMOD} international conference
               on Management of data",
  author    = "Abadi, Daniel J and Madden, Samuel R and Hachem, Nabil",
  publisher = "ACM",
  pages     = "967--980",
  month     =  "9~" # jun,
  year      =  2008,
  keywords  = "c-store; column-oriented dbms; column-store; compression;
               invisible join; tuple materialization; tuple reconstruction"
}

@MISC{Abadi_undated-xk,
  title        = "{DBMS} Musings: Distinguishing Two Major Types of
                  {Column-Stores}",
  author       = "Abadi, Daniel and Profile, View my Complete",
  howpublished = "\url{http://dbmsmusings.blogspot.no/2010/03/distinguishing-two-major-types-of_29.html}",
  note         = "Accessed: 2015-9-28"
}

@MISC{Wikipedia_contributors2015-kh,
  title        = "{XQuery}",
  booktitle    = "Wikipedia, The Free Encyclopedia",
  author       = "{Wikipedia contributors}",
  abstract     = "XQuery is a query and functional programming language that
                  queries and transforms collections of structured and
                  unstructured data, usually in the form of XML, text and with
                  vendor-specific extensions for other data formats (JSON,
                  binary, etc.). The language is developed by the XML Query
                  working group of the W3C. The work is closely coordinated
                  with the development of XSLT by the XSL Working Group; the
                  two groups share responsibility for XPath, which is a subset
                  of XQuery.",
  month        =  "29~" # aug,
  year         =  2015,
  howpublished = "\url{https://en.wikipedia.org/w/index.php?title=XQuery&oldid=678437271}",
  note         = "Accessed: 2015-9-25"
}

@ARTICLE{Manegold2000-st,
  title     = "Optimizing Database Architecture for the New Bottleneck: Memory
               Access",
  author    = "Manegold, Stefan and Boncz, Peter A and Kersten, Martin L",
  journal   = "VLDB J.",
  publisher = "Springer-Verlag New York, Inc.",
  volume    =  9,
  number    =  3,
  pages     = "231--246",
  month     =  dec,
  year      =  2000,
  address   = "Secaucus, NJ, USA",
  keywords  = "Decomposed storage model, Implementation techniques, Join
               algorithms, Main-memory databases, Memory access optimization,
               Query processing"
}

@INPROCEEDINGS{Lahiri2015-mz,
  title     = "Oracle Database {In-Memory}: A dual format in-memory database",
  booktitle = "Data Engineering ({ICDE)}, 2015 {IEEE} 31st International
               Conference on",
  author    = "Lahiri, T and Chavan, S and Colgan, M and Das, D and Ganesh, A
               and Gleeson, M and Hase, S and Holloway, A and Kamp, J and Lee,
               Teck-Hua and Loaiza, J and Macnaughton, N and Marwah, V and
               Mukherjee, N and Mullick, A and Muthulingam, S and Raja, V and
               Roth, M and Soylemez, E and Zait, M",
  abstract  = "The Oracle Database In-Memory Option allows Oracle to function
               as the industry-first dual-format in-memory database. Row
               formats are ideal for OLTP workloads which typically use indexes
               to limit their data access to a small set of rows, while column
               formats are better suited for Analytic operations which
               typically examine a small number of columns from a large number
               of rows. Since no single data format is ideal for all types of
               workloads, our approach was to allow data to be simultaneously
               maintained in both formats with strict transactional consistency
               between them.",
  pages     = "1253--1258",
  month     =  apr,
  year      =  2015,
  keywords  = "data mining;database indexing;information retrieval;storage
               management;transaction processing;OLTP workload;Oracle database
               in-memory;analytic operation;column format;data access;dual
               format in-memory database;index;row format;transactional
               consistency;Acceleration;Buffer storage;Indexes;Memory
               management;Optimization;Servers"
}

@ARTICLE{Example_undated-cy,
  title  = "Ubiquitous Analytics: Interacting with Big Data Anywhere, Anytime
            -- N. Elmqvist \& P. Irani",
  author = "Example, Motivating"
}

@INPROCEEDINGS{Boncz2006-md,
  title     = "{MonetDB/XQuery}: A Fast {XQuery} Processor Powered by a
               Relational Engine",
  booktitle = "Proceedings of the 2006 {ACM} {SIGMOD} International Conference
               on Management of Data",
  author    = "Boncz, Peter and Grust, Torsten and van Keulen, Maurice and
               Manegold, Stefan and Rittinger, Jan and Teubner, Jens",
  publisher = "ACM",
  pages     = "479--490",
  series    = "SIGMOD '06",
  year      =  2006,
  address   = "New York, NY, USA",
  keywords  = "RDBMS, XML, XQuery, performance, relational XQuery systems,
               scalability"
}

@INPROCEEDINGS{Stonebraker2005-qz,
  title     = "C-store: A Column-oriented {DBMS}",
  booktitle = "Proceedings of the 31st International Conference on Very Large
               Data Bases",
  author    = "Stonebraker, Mike and Abadi, Daniel J and Batkin, Adam and Chen,
               Xuedong and Cherniack, Mitch and Ferreira, Miguel and Lau,
               Edmond and Lin, Amerson and Madden, Sam and O'Neil, Elizabeth
               and O'Neil, Pat and Rasin, Alex and Tran, Nga and Zdonik, Stan",
  publisher = "VLDB Endowment",
  pages     = "553--564",
  series    = "VLDB '05",
  year      =  2005,
  address   = "Trondheim, Norway"
}

@ARTICLE{Mukherjee2015-ul,
  title     = "Distributed Architecture of Oracle Database In-memory",
  author    = "Mukherjee, Niloy and Chavan, Shasank and Colgan, Maria and Das,
               Dinesh and Gleeson, Mike and Hase, Sanket and Holloway, Allison
               and Jin, Hui and Kamp, Jesse and Kulkarni, Kartik and Lahiri,
               Tirthankar and Loaiza, Juan and Macnaughton, Neil and Marwah,
               Vineet and Mullick, Atrayee and Witkowski, Andy and Yan, Jiaqi
               and Zait, Mohamed",
  journal   = "Proceedings VLDB Endowment",
  publisher = "VLDB Endowment",
  volume    =  8,
  number    =  12,
  pages     = "1630--1641",
  month     =  aug,
  year      =  2015
}

@MISC{Zicari2012-is,
  title        = "In-memory database systems. Interview with Steve Graves,
                  {McObject}",
  booktitle    = "{ODBMS} Industry Watch",
  author       = "Zicari, Roberto V",
  month        =  "16~" # mar,
  year         =  2012,
  howpublished = "\url{http://www.odbms.org/blog/2012/03/in-memory-database-systems-interview-with-steve-graves-mcobject/}",
  note         = "Accessed: 2015-9-21"
}

@MISC{noauthor_undated-vw,
  title        = "Microsoft {In-Memory} Move Challenges {SAP}, Oracle -
                  {InformationWeek}",
  booktitle    = "{InformationWeek}",
  abstract     = "Microsoft SQL Server Project Hekaton promises in-memory
                  transactional processing that will stack up against SAP Hana
                  and Oracle Exadata.",
  howpublished = "\url{http://www.informationweek.com/software/information-management/microsoft-in-memory-move-challenges-sap-oracle/d/d-id/1107262?}",
  note         = "Accessed: 2015-9-21"
}

@MISC{Bort2013-fb,
  title        = "{IBM} And {SAP} Say You Shouldn't Believe Larry Ellison's
                  Latest Claims About Oracle's New Products",
  booktitle    = "Business Insider",
  author       = "Bort, Julie",
  abstract     = "SAP and IBM had something to say about Oracle's new products
                  that compete with them.",
  month        =  "23~" # sep,
  year         =  2013,
  howpublished = "\url{http://www.businessinsider.com/sap-and-ibm-respond-to-oracles-claims-2013-9}",
  note         = "Accessed: 2015-9-21"
}

% The entry below contains non-ASCII chars that could not be converted
% to a LaTeX equivalent.
@MISC{Intelligist2012-vu,
  title        = "{SAP} {HANA} versus Microsoft Business Intelligence and
                  xVelocity, take two…",
  booktitle    = "business intelligist",
  author       = "Intelligist, Business",
  abstract     = "Not surprisingly, my original post generated huge traffic to
                  my blog as well as a couple of good comments. I am sorry that
                  it took me a while to respond, but now that it is Saturday
                  and I am at Starbucks,I don't really have any excuse not to
                  respond anymore… Before I jump into a…",
  month        =  "25~" # aug,
  year         =  2012,
  howpublished = "\url{http://businessintelligist.com/2012/08/25/sap-hana-versus-microsoft-business-intelligence-and-xvelocity-take-two/}",
  note         = "Accessed: 2015-9-21"
}

% The entry below contains non-ASCII chars that could not be converted
% to a LaTeX equivalent.
@MISC{Intelligist2012-gb,
  title        = "{SAP} {HANA} versus Microsoft Business Intelligence and
                  xVelocity",
  booktitle    = "business intelligist",
  author       = "Intelligist, Business",
  abstract     = "This will be in a long rant format as I am still trying to
                  organize my thoughts around this subject. Before I start
                  comparing and contrasting the two vendors, I just wanted to
                  make a quick statement to get something off my chest:
                  Generally speaking, HANA is a good business decision for SAP
                  as it…",
  month        =  "7~" # aug,
  year         =  2012,
  howpublished = "\url{http://businessintelligist.com/2012/08/06/sap-hana-versus-microsoft-business-intelligence-and-xvelocity/}",
  note         = "Accessed: 2015-9-21"
}

% The entry below contains non-ASCII chars that could not be converted
% to a LaTeX equivalent.
@MISC{Intelligist2012-xz,
  title        = "{SAP} Hana vs Microsoft {SQL} Server, the war is on.",
  booktitle    = "business intelligist",
  author       = "Intelligist, Business",
  abstract     = "and the Germans are making the first move... I have written
                  two posts about Hana vs. xVelocity (Part I and Part II)
                  making the basic point that there is nothing truly visionary
                  or revolutionary in SAP Hana from the technology perspective
                  and that a customer can get all the benefits (or rather
                  alleged benefits as…",
  month        =  "22~" # nov,
  year         =  2012,
  howpublished = "\url{http://businessintelligist.com/2012/11/21/sap-hana-vs-microsoft-sql-server-the-war-is-on/}",
  note         = "Accessed: 2015-9-21"
}

@MISC{noauthor_2012-ur,
  title        = "Pondering the Microsoft {SQL} Server Announcements - {SAP}
                  {HANA}",
  booktitle    = "{SAP} {HANA}",
  abstract     = "Microsoft has announced a new in-memory OLTP product
                  code-named Hekaton that will be available in 2014-2015. In
                  addition they have introduced some new columnar capabilities
                  in SQL Server 2012. The...",
  month        =  "21~" # nov,
  year         =  2012,
  howpublished = "\url{https://blogs.saphana.com/2012/11/21/pondering-the-microsoft-sql-server-announcements/}",
  note         = "Accessed: 2015-9-21"
}

% The entry below contains non-ASCII chars that could not be converted
% to a LaTeX equivalent.
@MISC{Eaton_undated-oi,
  title        = "{IBM} {DB2} 10.5 with {BLU} Acceleration vs Microsoft {SQL}
                  Server Columnar Index",
  author       = "Eaton, Chris",
  abstract     = "I’ve done some blogging now about BLU Acceleration and I have
                  a plan for more details to come in future posts. But first I
                  wanted to turn my ...",
  howpublished = "\url{http://it.toolbox.com/blogs/db2luw/ibm-db2-105-with-blu-acceleration-vs-microsoft-sql-server-columnar-index-57303}",
  note         = "Accessed: 2015-9-21"
}

@ARTICLE{Lee2012-wc,
  title     = "Parallel Data Processing with {MapReduce}: A Survey",
  author    = "Lee, Kyong-Ha and Lee, Yoon-Joon and Choi, Hyunsik and Chung,
               Yon Dohn and Moon, Bongki",
  journal   = "SIGMOD Rec.",
  publisher = "ACM",
  volume    =  40,
  number    =  4,
  pages     = "11--20",
  month     =  jan,
  year      =  2012,
  address   = "New York, NY, USA"
}

@ARTICLE{Chen2012-ah,
  title     = "Business Intelligence and Analytics: From Big Data to Big Impact",
  author    = "Chen, Hsinchun and Chiang, Roger H L and Storey, Veda C",
  abstract  = "... Page 7. Chen et al./Introduction: Business Intelligence
               Research ... from health big data poses significant research and
               practical challenges, especially considering the HIPAA (Health
               Insurance Portability and Accountability Act) and IRB
               (Institutional Review Board) requirements ...",
  journal   = "Miss. Q.",
  publisher = "hmchen.shidler.hawaii.edu",
  volume    =  36,
  number    =  4,
  pages     = "1165--1188",
  year      =  2012
}

@INPROCEEDINGS{Fontoura2011-xo,
  title     = "Efficiently Encoding Term Co-occurrences in Inverted Indexes",
  booktitle = "Proceedings of the 20th {ACM} International Conference on
               Information and Knowledge Management",
  author    = "Fontoura, Marcus and Gurevich, Maxim and Josifovski, Vanja and
               Vassilvitskii, Sergei",
  publisher = "ACM",
  pages     = "307--316",
  series    = "CIKM '11",
  year      =  2011,
  address   = "New York, NY, USA",
  keywords  = "bitmaps, inverted index, precomputation, term co-occurrence"
}

@INCOLLECTION{Wu2004-mp,
  title     = "On the Performance of Bitmap Indices for High Cardinality
               Attributes",
  booktitle = "Proceedings 2004 {VLDB} Conference",
  author    = "Wu, Kesheng and Otoo, Ekow and Shoshani, Arie",
  publisher = "Elsevier",
  pages     = "24--35",
  year      =  2004
}

@MISC{Bjorklund_undated-wh,
  title  = "Column Stores versus Search Engines and Applications to Search in
            Social Networks",
  author = "Bj\o{}rklund, Truls A"
}


